@article{fukunaga1975estimation,
  title={The estimation of the gradient of a density function, with applications in pattern recognition},
  author={Fukunaga, Keinosuke and Hostetler, Larry},
  journal={IEEE Transactions on information theory},
  volume={21},
  number={1},
  pages={32--40},
  year={1975},
  publisher={IEEE}
}

@article{scikit-learn,
 title={Scikit-learn: Machine Learning in {P}ython},
 author={Pedregosa, F. and Varoquaux, G. and Gramfort, A. and Michel, V.
         and Thirion, B. and Grisel, O. and Blondel, M. and Prettenhofer, P.
         and Weiss, R. and Dubourg, V. and Vanderplas, J. and Passos, A. and
         Cournapeau, D. and Brucher, M. and Perrot, M. and Duchesnay, E.},
 journal={Journal of Machine Learning Research},
 volume={12},
 pages={2825--2830},
 year={2011},
 note = "\url{https://scikit-learn.org/stable/modules/generated/sklearn.datasets.make_blobs.html}"
}

@inproceedings{comaniciu1999mean,
  title={Mean shift analysis and applications},
  author={Comaniciu, Dorin and Meer, Peter},
  booktitle={Proceedings of the Seventh IEEE International Conference on Computer Vision},
  volume={2},
  pages={1197--1203},
  year={1999},
  organization={IEEE}
}

@misc{CUDADocs,
  title={Cuda documentation},
  author={Nvidia},
  note = "\url{https://docs.nvidia.com/cuda/}"
}

@misc{Pascal,
 title={Pascal tuning guide},
 author={Nvidia},
 note = "\url{https://docs.nvidia.com/cuda/pascal-tuning-guide/index.html}"
}

@misc{Wiki,
 title={Mean Shift}, 
 author={Wikipedia},
 note = "\url{https://en.wikipedia.org/wiki/Mean_shift}"

}